<?xml version="1.0" encoding="UTF-8"?><collection xmlns="http://www.loc.gov/MARC21/slim"><record><leader>00479nam--2200157-i-4500</leader><controlfield tag="001">000033459</controlfield><controlfield tag="002">20161230</controlfield><controlfield tag="005">20161230201039</controlfield><controlfield tag="008">060222s1000------------r-----000-0-eng-d</controlfield><datafield ind1=" " ind2=" " tag="080"><subfield code="a">517.91:530.145.62</subfield></datafield><datafield ind1=" " ind2=" " tag="100"><subfield code="a">Moon, Parry., Spencer, D.E</subfield></datafield><datafield ind1=" " ind2=" " tag="245"><subfield code="a">Field theory for engineers</subfield></datafield><datafield ind1=" " ind2=" " tag="260"><subfield code="a">Princeton, D.Van Nostrand Co., Inc., 1961, Ix + 530p</subfield></datafield><datafield ind1=" " ind2=" " tag="490"><subfield code="a">The Van Nostrand Series in Electronics and Communications</subfield></datafield><datafield ind1=" " ind2=" " tag="852"><subfield code="a">17718</subfield><subfield code="c">517.9</subfield></datafield><datafield ind1=" " ind2=" " tag="CAT"><subfield code="a">Sys</subfield><subfield code="c">20080930</subfield><subfield code="h">121637</subfield></datafield></record></collection>